@book{stop,
author = {Petar Pavešić},
title = {Splošna topologija},
year = {2017},
editor = {Miran Černe},
edition = {2},
publisher = {DMFA -- založništvo},
location = {Ljubljana},
isbn = {978-961-212-205-8}
}
